
@book{schrodinger_life,
	title = {What is life? The physical aspect of the living cell and mind},
	publisher = {Cambridge university press Cambridge},
	author = {Schr√∂dinger, Erwin},
	date = {1944},
}


@ARTICLE{shannon,
  author={Shannon, C. E.},
  journal={The Bell System Technical Journal}, 
  title={A mathematical theory of communication}, 
  year={1948},
  volume={27},
  number={3},
  pages={379-423},
  doi={10.1002/j.1538-7305.1948.tb01338.x}}



@misc{worldModel,
      title={Language Models Represent Space and Time}, 
      author={Wes Gurnee and Max Tegmark},
      year={2023},
      eprint={2310.02207},
      archivePrefix={arXiv},
      primaryClass={cs.LG}
}