
@book{schrodinger_what_1944,

